@ARTICLE{LCW07,
author={G. Li and J. Chu and J. Wu},
journal={Signal Processing},
title={A Matrix Factorization-Based Structure for Digital Filters},
year={2007},
month={Oct},
volume={55},
number={10},
pages={5108-5112},
keywords={digital filters;filtering theory;matrix decomposition;roundoff errors;LCW structure;LGS structure;digital filter structure;filter output sample;matrix factorization;roundoff noise gain;Adaptive filters;Adders;Circuits and systems;Differential equations;Digital filters;IIR filters;Lattices;Noise reduction;Polynomials;Sun;Digital filter structures;finite-word-length (FWL) effects;roundoff noise;state-space realizations},
doi={10.1109/TSP.2007.896111},
ISSN={1053-587X},}

@ARTICLE{LGS00,
author={G. Li and Gevers, M. and Y. Sun},
journal={{IEEE} Trans. on  Circuits and Systems I: Fundamental Theory and Applications},
title={Performance analysis of a new structure for digital filter implementation},
year={2000},
month={Apr},
volume={47},
number={4},
pages={474-482},
keywords={digital filters;roundoff errors;state-space methods;LGS-structure;digital filter implementation;nontrivial parameters;optimal state-space realizations;orthonormal ladder filter;roundoff noise gain;sensitivity measure;Digital control;Digital filters;Dynamic range;Error correction;Gain measurement;Noise measurement;Optimal control;Performance analysis;Sun;Transfer functions},
doi={10.1109/81.841849},
ISSN={1057-7122},}

@ARTICLE{JSS89,
author={Johns, D.A. and Snelgrove, W.M. and Sedra, A. S.},
journal={Circuits and Systems},
title={Orthonormal ladder filters},
year={1989},
month={March},
volume={36},
number={3},
pages={337-343},
keywords={active filters;ladder networks;transfer functions;MOSFET-C;active-RC filters;adaptive filters;arbitrary filter transfer-functions;dynamic range properties;dynamic range scaling;optimum dynamic range;orthonormal ladder filters;singly terminated LC ladder;state-space structure;transconductance-C;Adaptive filters;Circuits and systems;Councils;Digital systems;Dynamic range;Information technology;MOSFET circuits;Passband;Speech;White noise},
doi={10.1109/31.17579},
ISSN={0098-4094},}