@string{AIEE = "Transactions of the American Institute of Electrical Engineers"}
@string{ANM = "Applied Numerical Mathematics"}
@string{CEJ = "Chemical Engineering Journal"}
@string{CES = "Chemical Engineering Science"}
@string{CaF = "Computing and Fluids"}
@string{EL = "Electronics Letters"}
@string{IJNME = "Int.\ J.\ Numer.\ Meth.\ Engineering"}
@string{IJNMF = "Int.\ J.\ Numer.\ Meth.\ Fluids"}
@string{IMA_MCI = "IMA Journal of Mathematical Control and Information"}
@string{IMA_NM = "IMA Journal of Numerical Analysis"}
@string{IMechE-C = "Proc.\ IMechE, Part C: J.\ Mech.\ Engg Science"}
@string{IMechE-I = "Proc.\ IMechE, Part I: J.\ Syst.\ \& Contr."}
@string{IaC = "Inform. and Contr."}
@string{JA = "Journal of Aircraft"}
@string{JCAP = "Journal of Computational and Applied Mathematics"}
@string{JDE = "Journal of Differential Equations"}
@string{JEC = "Journal of Electronics and Control"}
@string{JFI = "Journal of the Franklin Institute"}
@string{JIMA = "Journal of the Institute of Mathematics and its Applications"}
@string{JMAA = "Journal of Mathematical Analysis and Applications"}
@string{MC = "Mathematics of Computation"}
@string{NM = "Numerische Mathematik"}
@string{NN = "Neural Networks"}
@string{PoF = "Physics of Fluids"}
@string{QuarApplMath = "Quarterly of Applied Mathematics"}
@string{SCL = "Systems \& Control Letters"}
@string{SIAM_Con = "{SIAM} J.\ Control"}
@string{SIAM_ConOpt = "{SIAM} J.\ Control and Optimization"}
@string{SIAM_NM = "{SIAM} Journal on Numerical Analysis"}
@string{SVlect = "Lect.\ Notes Control \& Inf.\ Sci."}
@string{acc00 = "Proc.\ 2000 Amer.\ Contr.\ Conf."}
@string{acc2003 = "Proc.\ 2003 Amer.\ Contr.\ Conf."}
@string{acc88 = "Proc.\ 1988 Amer.\ Contr.\ Conf."}
@string{acc89 = "Proc.\ 1989 Amer.\ Contr.\ Conf."}
@string{acc90 = "Proc.\ 1990 Amer.\ Contr.\ Conf."}
@string{acc91 = "Proc.\ 1991 Amer.\ Contr.\ Conf."}
@string{acc92 = "Proc.\ 1992 Amer.\ Contr.\ Conf."}
@string{acc95 = "Proc.\ 1995 Amer.\ Contr.\ Conf."}
@string{acc98 = "Proc.\ 1998 Amer.\ Contr.\ Conf."}
@string{acc99 = "Proc.\ 1999 Amer.\ Contr.\ Conf."}
@string{ascc00 = "Proc.\ 3rd Asian Contr.\ Conf."}
@string{ascc94 = "Proc.\ 1st Asian Contr.\ Conf."}
@string{ascc97 = "Proc.\ 2nd Asian Contr.\ Conf."}
@string{asme = "ASME J.\ Dyn.\ Syst.\ Meas.\ \& Control"}
@string{cacsd02 = "Proc.\  IEEE Symp.\ on Comp.\ Aided Contr.\ Syst.\ Design (CACSD 2002)"}
@string{cacsd94 = "Proc.\  IEEE Symp.\ on Comp.\ Aided Contr.\ Syst.\ Design (CACSD'94)"}
@string{cacsd96 = "Proc.\  IEEE Symp.\ on Comp.\ Aided Contr.\ Syst.\ Design (CACSD'96)"}
@string{cdc2000 = "Proc.\  39th IEEE Conf.\ Decision Contr."}%
@string{cdc2001 = "Proc.\  40th IEEE Conf.\ Decision Contr."}%
@string{cdc2002 = "Proc.\  41th IEEE Conf.\ Decision Contr."}%
@string{cdc2003 = "Proc.\  42nd IEEE Conf.\ Decision Contr."}%
@string{cdc2005 = "Proc.\  44th IEEE Conf.\ Decision Contr. \& European Contr.\ Conf.\ ECC 2005"}%
@string{cdc26 = "Proc.\  26th IEEE Conf.\ Decision Contr."}
@string{cdc29 = "Proc.\  29th IEEE Conf.\ Decision Contr."}% 1990
@string{cdc30 = "Proc.\  30th IEEE Conf.\ Decision Contr."}% 1991
@string{cdc32 = "Proc.\  32th IEEE Conf.\ Decision Contr."}%93
@string{cdc34 = "Proc.\  34th IEEE Conf.\ Decision Contr."}%95
@string{cdc96 = "Proc.\  35th IEEE Conf.\ Decision Contr."}%96
@string{cdc97 = "Proc.\  36th IEEE Conf.\ Decision Contr."}%97
@string{cdc98 = "Proc.\  37th IEEE Conf.\ Decision Contr."}%98
@string{cdc99 = "Proc.\  38th IEEE Conf.\ Decision Contr."}%99
@string{cep = "Control Engg Practice"}
@string{compj = "Comp.\ J."}
@string{control00 = "Proc.\ CONTROL 2000"}
@string{control2004 = "Proc.\ CONTROL 2004"}
@string{control94 = "Proc.\ CONTROL 94"}
@string{control96 = "Proc.\ CONTROL 96"}
@string{control98 = "Proc.\ CONTROL 98"}
@string{cssp = "Circuits, Syst.\ \& Sig.\ Proc."}
@string{ecc91 = "Proc.\ 1st European Contr.\ Conf."}
@string{ecc93 = "Proc.\ 2nd European Contr.\ Conf."}
@string{ecc95 = "Proc.\ 3rd European Contr.\ Conf."}
@string{ecc97 = "Proc.\ 4th European Contr.\ Conf."}
@string{ecc99 = "Proc.\ 5th European Contr.\ Conf."}
@string{edc2002 = "Proc.\ Engineering Design Conf. 2002"}
@string{ejc = "Eur.\ J.\ Control"}
@string{gnc2002 = "Proc.\ 2002 AIAA Guidance, Nav.\ \& Contr.\ Conf."}
@string{gnc2003 = "Proc.\ 2003 AIAA Guidance, Nav.\ \& Contr.\ Conf."}
@string{gnc94 = "Proc.\ 1994 AIAA Guidance, Nav.\ \& Contr.\ Conf."}
@string{gnc96 = "Proc.\ 1996 AIAA Guidance, Nav.\ \& Contr.\ Conf."}
@string{gnc99 = "Proc.\ 1999 AIAA Guidance, Nav.\ \& Contr.\ Conf."}
@string{iecon94 = "Proc.\  20th Int.\ Conf.\ Ind.\ Electr.\ Control \& Instr."}
@string{iee = "Proc.\ IEE"}
@string{ieeCTA = "IEE Proc.\ Control Theory and Appl."}
@string{ieeD = "IEE Proc.-D"}
@string{ieeeac = "IEEE Trans.\ Autom.\ Control"}
@string{ieeeassp = "IEEE Trans.\ Acoustics, Speech \& Sig.\ Proc."}
@string{ieeecas = "IEEE Trans.\ Circuits \& Syst."}
@string{ieeecasI = "IEEE Trans.\ Circuits \& Syst.\ I-Fundamental Theory \& Appl."}
@string{ieeecasII = "IEEE Trans.\ Circuits \& Syst.\ II"}
@string{ieeecst = "IEEE Trans.\ Control Syst.\ Technology"}
@string{ieeeie = "IEEE Trans.\ Ind.\ Electr."}
@string{ieeemag = "IEEE Control Syst.\ Mag."}
@string{ieeepow = "IEEE Trans.\ Power Apparatus \& Systems"}
@string{ieeesmcA = "IEEE Trans.\ Syst.\ Man \& Cybernetics -- A"}
@string{ieeesmcB = "IEEE Trans.\ Syst.\ Man \& Cybernetics -- B"}
@string{ieeetsp = "IEEE Trans.\ Sig.\ Proc."}
@string{ieeevt = "IEEE Trans.\ Vehicular Tech."}
@string{ifac02 = "Proc.\ 15th IFAC World Congress"}
@string{ifac2005 = "Proc.\ 16th IFAC World Congress"}
@string{ifac87 = "Proc.\ 10th IFAC World Congress"}
@string{ifac93 = "Proc.\ 12th IFAC World Congress"}
@string{ifac96 = "Proc.\ 13th IFAC World Congress"}
@string{ifac99 = "Proc.\ 14th IFAC World Congress"}
@string{ijac = "Int.\ J.\ Automation \&  Comp."}
@string{ijc = "Int.\ J.\ Control"}
@string{ijss = "Int.\ J.\ Systems Sci."}
@string{jfm = "J.\ Fluid Mech."}
@string{jgcd = "J.\ Guid.\ Control Dyn."}
@string{jota = "J.\ Optim.\ Theory Applic."}
@string{kcl = "Dept.\ Mechanical Engg, King's College London"}
@string{lued = "Leicester University Engg Dept"}
@string{man = "Manchester, U.K."}
@string{mathcomp = "Math.\ of Comp."}
@string{scl = "Syst.\ Control Lett."}
@string{tac = "IEEE Trans.\ Autom.\ Control"}
@string{tobepres = "To be presented"}
@string{tobepub = "To be published"}
@string{umist = "Control Systems Centre, UMIST"}
