This file was created with JabRef 2.0.1.
Encoding: Cp1252

@INPROCEEDINGS{Bayliss2006,
  author = {Bayliss, M.T. and Leung, K.T. and Whidborne, J. F. and Purdy, D.
	and Williams, R.A.},
  title = {Four Wheel Steer Controller Development Utilising a {GPS} ({G}lobal
	{P}ositioning {S}atellite) System Compensated Inertial Sensor Suite},
  booktitle = {31st FISITA World Automotive Congress},
  year = {2006},
  address = {Yokohama, Japan},
  month = oct,
  note = {To be presented},
}

@INPROCEEDINGS{BekitAIM97,
  author = {Bekit, B.W. and Seneviratne, L.D. and Whidborne, J.F.},
  title = {Adaptive control for a robot manipulator based on hyperstabilty design},
  booktitle = {IEEE/ASME Int. Conf. on Advanced Intelligent Mechatronics (AIM97)},
  year = {1997},
  pages = {103/1--103/6},
  address = {Tokyo, Japan},
  month = jun,
}

@INPROCEEDINGS{BekitICAM98,
  author = {Bekit, B.W. and Seneviratne, L.D. and Whidborne, J.F.},
  title = {Smooth Robust Sliding Mode Control for Robot Manipulators},
  booktitle = {3rd Int. Conf. on Advanced Mechatronics (ICAM '98)},
  year = {1998},
  pages = {837--842},
  address = {Okayama, Japan},
  month = aug,
}

@INPROCEEDINGS{BekitCIRA97,
  author = {Bekit, B.W. and Whidborne, J.F. and Seneviratne, L.D.},
  title = {Fuzzy Sliding Mode Control for a Robot Manipulator},
  booktitle = {IEEE Int. Symp. on Computational Intelligence in Robotics and Automation
	(CIRA'97)},
  year = {1997},
  pages = {320--325},
  address = {Monterey, CA.},
  month = jul,
}

@INPROCEEDINGS{BekitCONT98,
  author = {Bekit, B.W. and Whidborne, J.F. and Seneviratne, L.D.},
  title = {Sliding mode control for robot manipulators using time-varying switching
	gain},
  booktitle = control98,
  year = {1998},
  pages = {1198--1203},
  address = {Swansea, UK},
  month = sep,
}

@INPROCEEDINGS{BekitMech98,
  author = {Bekit, B.W. and Whidborne, J.F. and Seneviratne, L.D.},
  title = {Smooth robust control for a robot manipulators},
  booktitle = {Mechatronics '98},
  year = {1998},
  pages = {275--280},
  address = {Skovde, Sweden},
  month = sep,
}

@INPROCEEDINGS{BekitIDPT98,
  author = {Bekit, B.W. and Whidborne, J.F. and Seneviratne, L.D. and Althoefer,
	K.},
  title = {A fuzzy-based {PID} controller for manipulator control},
  booktitle = {3rd World Conf. Integrated Design \& Process Tech. (IDPT'98)},
  year = {1998},
  volume = {6},
  pages = {288--293},
  address = {Berlin, Germany},
  month = jul,
}

@INPROCEEDINGS{BekitIECON98,
  author = {Bekit, B.W. and Whidborne, J.F. and Seneviratne, L.D. and Althoefer,
	K.},
  title = {Fuzzy {PID} tuning for robot manipulators},
  booktitle = {24th Annual Conf. IEEE Ind. Electr. Soc. (IECONí98)},
  year = {1998},
  pages = {2452--2457},
  address = {Aachen, Germany},
  month = aug,
}

@INPROCEEDINGS{ChenIsteWhidWuIEEColl98,
  author = {S. Chen and R.H. Istepanian and J.F. Whidborne and J. Wu},
  title = {Adaptive simulated annealing for designing robust finite-precision
	{PID} controllers},
  booktitle = {IEE Colloquium on Optimisation in Control -- Methods and Applications},
  year = {1998},
  number = {1998/521},
  pages = {3/1--3/3},
  address = {London, England},
  month = nov,
}

@ARTICLE{ChenEtalIEE99,
  author = {Chen, S. and Wu, J. and Istepanian, R.H. and Chu, J. and Whidborne,
	J.F.},
  title = {Optimizing stability bounds of finite-precision controller structures
	for sampled-data systems in the {$\delta$}-operator domain},
  journal = ieeCTA,
  year = {1999},
  volume = {146},
  pages = {517--526},
  number = {6},
}

@INPROCEEDINGS{ChipDakevFlemingWhidIEEEIndTech96,
  author = {Chipperfield, A.J. and Dakev, N.V. and Fleming, P.J. and Whidborne,
	J.F.},
  title = {Multiobjective robust control using evolutionary algorithms},
  booktitle = {IEEE Int. Conf. on Industrial Technology (ICIT'96)},
  year = {1996},
  pages = {269-273},
  address = {Shanghai, China},
  month = dec,
}

@INCOLLECTION{ChipWhidFlemingMCDM,
  author = {Chipperfield, A.J. and Whidborne, J.F. and Fleming, P.J.},
  title = {Evolutionary Algorithms and Simulated Annealing for {MCDM}},
  booktitle = {Multicriteria Decision Making - Advances in MCDM Models, Algorithms,
	Theory, and Applications},
  publisher = {Kluwer},
  year = {1999},
  editor = {Gal, T. and Stewart, T.J. and Hanne, T.},
  pages = {16.1--16.32},
  address = {Boston},
  isbn = {792385349},
}

@TECHREPORT{CookCookeWhidborneCoA2004,
  author = {Cook, M.V. and Cooke, A.K. and Whidborne, J.F.},
  title = {A Control Algorithm for an Autonomous {UAV} Gliding Capability},
  institution = {College of Aeronuatics},
  year = {2004},
  number = {NFP0403},
  address = {Cranfield, U.K.},
}

@INPROCEEDINGS{CowlingWhidborneCooke21UAVS2006,
  author = {Cowling, I.D. and Whidborne J.F. and Cooke A.K.},
  title = {{MBPC} for autonomous operation of a quadrotor air vehicle},
  booktitle = {Proc 21st International Conference on Unmanned Air Vehicle Systems},
  year = {2006},
  address = {Bristol, UK},
  month = {April},
  note = {To be presented},
}

@INPROCEEDINGS{DakevChipWhidFlemingIFAC96,
  author = {Dakev, N.V. and Chipperfield, A.J. and Whidborne, J.F. and Fleming,
	P.J.},
  title = {An evolutionary algorithm approach for solving optimal control problems},
  booktitle = ifac96,
  year = {1996},
  address = {San Fransisco, CA.},
  month = jul,
}

@INPROCEEDINGS{DakevWhidChipGALESIA95,
  author = {Dakev, N.V. and Whidborne, J.F. and Chipperfield, A.J.},
  title = {${H}_\infty$ design of an {EMS} control system for a maglev vehicle
	using evolutionary algorithms},
  booktitle = {Proc. GALESIA 95},
  year = {1995},
  pages = {226--231},
  address = {Sheffield U.K.},
  month = sep,
}

@ARTICLE{DakevWhidChipFlemingIMechE,
  author = {Dakev, N.V. and Whidborne, J.F. and Chipperfield, A.J. and Fleming,
	P.J.},
  title = {Evolutionary ${H}_\infty$ design of an electromagnetic suspension
	control system for a maglev vehicle},
  journal = IMechE-I,
  year = {1997},
  volume = {311},
  pages = {345--355},
  number = {4},
}

@INPROCEEDINGS{DesaiWhidborneIEEColl97,
  author = {Desai, P.R. and Whidborne, J.F.},
  title = {{$\ell^1$} optimisation techniques for robust automotive control},
  booktitle = {IEE Colloquium on Robust Control -- Theory, Software and Applications},
  year = {1997},
  number = {1997/380},
  pages = {5/1--5/4},
  address = {London, U.K.},
  month = oct,
  comment = {comment here},
}

@INPROCEEDINGS{DesaiWhidborneAVCS98,
  author = {Desai, P.R. and Whidborne, J.F.},
  title = {{$\ell^1$} optimization techniques for robust automotive engine control},
  booktitle = {Int. Conf. Advances in Vehicle Control \& Safety (AVCS'98)},
  year = {1998},
  pages = {528--533},
  address = {Amiens, France},
  month = jul,
}

@INPROCEEDINGS{DesaiWhidborneIMechECEHV,
  author = {Desai, P.R. and Whidborne, J.F.},
  title = {{$\ell^1$} optimization techniques for automotive idle speed control},
  booktitle = {IMechE Conference Transactions - Combustion Engines and Hybrid Vehicles},
  year = {1998},
  pages = {237--246},
  address = {London, U.K.},
  publisher = {Professional Engineering},
}

@ARTICLE{IstepIJSS00,
  author = {Istepanian, R.S.H. and Chen, S. and Wu, J. and Whidborne, J.F.},
  title = {Optimal finite-precision controller realization of sampled-data systems},
  journal = ijss,
  year = {2000},
  volume = {31},
  pages = {429--438},
  number = {4},
}

@INPROCEEDINGS{IstepWhidCEC99,
  author = {Istepanian, R.H. and Whidborne, J.F.},
  title = {Multi-objective design of finite word-length controller structures},
  booktitle = {Congress on Evolutionary Computation (CEC'99)},
  year = {1999},
  pages = {61--68},
  address = {Washington, DC.},
  month = jul,
}

@INCOLLECTION{IstepanianDCIF,
  author = {Istepanian, R.S.H. and Whidborne, J.F.},
  title = {Finite-precision Computing for Digital Control Systems: Current Status
	and Future Paradigms},
  booktitle = {Digital Controller Implementation and Fragility: A Modern Perspective},
  publisher = {Springer-Verlag},
  year = {2001},
  editor = {Istepanian, R.S.H. and Whidborne, J.F.},
  chapter = {1},
  pages = {1--12},
  address = {London, UK},
}

@INPROCEEDINGS{IstepanianWhidborneBauerCONT00a,
  author = {Istepanian, R.S.H. and Whidborne, J.F. and Bauer, P.},
  title = {Stability analysis of block floating point digital controllers},
  booktitle = control00,
  year = {2000},
  pages = {CD-ROM paper 159, 6 pages},
  address = {Cambridge, UK},
  month = sep,
}

@ARTICLE{IstepanianWuWhidborneCST01,
  author = {Istepanian, R.S.H. and Wu, J. and Whidborne, J.F.},
  title = {Controller Realizations of a Teleoperated Dual-Wrist Assembly System
	with Finite Word Length Considerations},
  journal = ieeecst,
  year = {2001},
  volume = {9},
  pages = {624--628},
  number = {4},
}

@INPROCEEDINGS{IstepWuWhidACC98,
  author = {Istepanian, R.H. and Wu, J. and Whidborne, J.F. and Chu, J.},
  title = {Maximizing lower bound stability measure of finite precision {PID}
	controller realizations by nonlinear programming},
  booktitle = acc98,
  year = {1998},
  pages = {2596-2600},
  address = {Philadelphia, PA},
  month = jun,
}

@INPROCEEDINGS{IstepWuWhidCONT98,
  author = {Istepanian, R.H. and Wu, J. and Whidborne, J.F. and Yan, J. and Salcudean,
	S.E.},
  title = {{FWL} stability issues of teleoperation motion-scaling control system},
  booktitle = control98,
  year = {1998},
  pages = {1676--1681},
  address = {Swansea, UK},
  month = sep,
}

@INPROCEEDINGS{GangLiacc99,
  author = {Li, G and Istepanian, R.H. and Mei, W.-B. and Whidborne, J.F.},
  title = {Digital System Structures for {FWL} Implementation with Stability
	and Roundoff Consideration},
  booktitle = acc99,
  year = {1999},
  pages = {4333--4337},
  address = {San Diego, CA},
  month = jun,
}

@INPROCEEDINGS{LiuWhidborneDuanCACSD02,
  author = {Liu, G.P. and Whidborne, J.F. and Duan, G.R.},
  title = {Multiobjective design using various control techniques},
  booktitle = cacsd02,
  year = {2002},
  pages = {1--6},
  address = {Glasgow, U.K.},
  month = sep,
}

@BOOK{LiuYangWhidborneBook,
  title = {Multiobjective Optimisation and Control},
  publisher = {Research Studies Press},
  year = {2002},
  author = {Liu, G.P. and Yang, J.B. and Whidborne, J.F.},
  address = {Baldock, UK},
}

@PHDTHESIS{MckernanPhD,
  author = {McKernan, J.},
  title = {Control of Plane {P}oiseuille Flow: A Theoretical and Computational
	Investigation},
  school = {Cranfield University},
  year = {2006},
}

@TECHREPORT{MckernanPapadakisWhidborneEM200301,
  author = {McKernan, J. and Papadakis, G. and Whidborne, J.F.},
  title = {Modelling Plane Poiseuille Flow for Feedback Control Design},
  institution = kcl,
  year = {2003},
  number = {EM/2003/01},
  address = {London, U.K.},
}

@ARTICLE{MckernanPapadakisWhidborneMCMDS2004,
  author = {McKernan, J. and Papadakis, G. and Whidborne, J.F.},
  title = {A linear state space representation of plane {P}oiseuille flow for
	optimal control with wall transpiration},
  journal = {Math. \& Comp. Modelling of Dyn. Syst.},
  year = {2004},
  note = {Rejected},
}

@ARTICLE{MckernanPapadakisWhidborneIJMIC2006,
  author = {McKernan, J. and Papadakis, G. and Whidborne, J.F.},
  title = {A Linear State Space Representation of Plane {P}oiseuille Flow for
	Control Design - A Tutorial},
  journal = {Int.\ J. Modelling, Ident. \& Control},
  year = {2006},
  note = {Submitted},
}

@INPROCEEDINGS{MckernanWhidbornePapadakisCONT2004,
  author = {McKernan, J. and Whidborne, J.F. and Papadakis, G.},
  title = {Optimal control of plane {P}oiseuille flow},
  booktitle = control2004,
  year = {2004},
  pages = {CD-ROM paper 067},
  address = {Bath, U.K.},
  month = sep,
}

@INPROCEEDINGS{MckernanWhidbornePapadakisEFFC2004,
  author = {McKernan, J. and Whidborne, J.F. and Papadakis, G.},
  title = {Optimal control of plane {P}oiseuille flow},
  booktitle = {First European Forum on Flow Control},
  year = {2004},
  pages = {119--122},
  address = {Poitiers, France},
  month = oct,
}

@INPROCEEDINGS{MckernanWhidbornePapadakisIFAC2005,
  author = {McKernan, J. and Whidborne, J.F. and Papadakis, G.},
  title = {Minimisation of transient perturbation growth in linearised {L}orenz
	equations},
  booktitle = ifac2005,
  year = {2005},
  address = {Prague},
  month = jul,
}

@CONFERENCE{MuradPostGuWhidECC93,
  author = {Murad, G. and Postlethwaite, I. and Gu, D.-W. and Whidborne, J.F.},
  title = {Robust control of a glass tube shaping process},
  booktitle = ecc93,
  year = {1993},
  pages = {2350-2355},
  address = {Groningen, Netherlands},
  month = jun,
}

@INPROCEEDINGS{MuradPostGuWhidIEE94,
  author = {Murad, G. and Postlethwaite, I. and Gu, D.-W. and Whidborne, J.F.},
  title = {Robust control of a glass tube production process},
  booktitle = {IEE Colloquium on Improvements in Furnace Control},
  year = {1994},
  number = {1994/018},
  pages = {7/1-7/4},
  address = {London, England},
}

@INPROCEEDINGS{PostGuGohWhid,
  author = {Postlethwaite, I. and Gu, D.-W. and Goh, S.J. and Whidborne, J.F.},
  title = {An expert system for robust controller design},
  booktitle = control94,
  year = {1994},
  pages = {1170-1175},
  address = {Coventry, U.K.},
  month = mar,
}

@INPROCEEDINGS{PostWhidIFAC,
  author = {Postlethwaite, I. and Whidborne, J.F. and Murad, G. and Gu, D.-W.},
  title = {Robust control of the benchmark problem using {$H_\infty$} methods
	and numerical optimization techniques},
  booktitle = ifac93,
  year = {1993},
  pages = {193-196},
  address = {Sydney, Australia},
  month = jul,
}

@ARTICLE{PostWhidAuto,
  author = {Postlethwaite, I. and Whidborne, J.F. and Murad, G. and Gu, D.-W.},
  title = {Robust control of the benchmark problem using {$H_\infty$} methods
	and numerical optimization techniques},
  journal = {Automatica},
  year = {1994},
  volume = {30},
  pages = {615-619},
  number = {4},
}

@MASTERSTHESIS{WhidborneMSc,
  author = {Whidborne, J.F.},
  title = {Design of Critical Systems},
  school = umist,
  year = {1986},
  address = man,
}

@TECHREPORT{WhidborneMaglevCSC,
  author = {Whidborne, J.F.},
  title = {The Design of the Electo-Magnetic Suspension Control System for a
	Maglev Vehicle --- A Critical System},
  institution = umist,
  year = {1988},
  number = {710},
  address = man,
}

@MANUAL{WhidborneManual,
  title = {Criteria - {A} {C}omputer-{A}ided {C}ontrol {S}ystem {D}esign {P}ackage:
	{U}ser {M}anual},
  author = {Whidborne, J.F.},
  address = {Control Systems Centre, UMIST, Manchester},
  year = {1989},
}

@TECHREPORT{WhidborneDiscreteCSC,
  author = {Whidborne, J.F.},
  title = {Performance in sampled data systems},
  institution = umist,
  year = {1990},
  number = {733},
  address = man,
}

@TECHREPORT{WhidborneMeasdist,
  author = {Whidborne, J.F.},
  title = {Time vs Frequency Domain Characterisation of Inputs},
  institution = umist,
  year = {1990},
  number = {732},
  address = man,
}

@PHDTHESIS{WhidbornePhD,
  author = {Whidborne, J.F.},
  title = {Design of Critical Control Systems},
  school = umist,
  year = {1991},
  address = man,
}

@ARTICLE{WhidborneIEE92,
  author = {Whidborne, J.F.},
  title = {Performance in sampled data systems},
  journal = ieeD,
  year = {1992},
  volume = {139},
  pages = {245--250},
  number = {3},
}

@ARTICLE{WhidborneMaglev,
  author = {Whidborne, J.F.},
  title = {{EMS} Control System Design for a Maglev Vehicle - {A} Critical System},
  journal = {Automatica},
  year = {1993},
  volume = {29},
  pages = {1345--1349},
  number = {5},
}

@INPROCEEDINGS{Whidborneacc99,
  author = {Whidborne, J.F.},
  title = {A Genetic Algorithm Approach to Designing Finite-Precision {PID}
	Controller Structures},
  booktitle = acc99,
  year = {1999},
  pages = {4338--4342},
  address = {San Diego, CA},
  month = jun,
}

@TECHREPORT{WhidEM9909,
  author = {Whidborne, J.F.},
  title = {Reduction of Controller Fragility for a Fluid Power System},
  institution = kcl,
  year = {1999},
  number = {EM/99/09},
  address = {London, U.K.},
}

@INPROCEEDINGS{WhidborneCONT00,
  author = {Whidborne, J.F.},
  title = {Reduction of controller fragility for a fluid power system},
  booktitle = control00,
  year = {2000},
  pages = {CD-ROM paper 053, 6 pages},
  address = {Cambridge, UK},
  month = sep,
}

@INPROCEEDINGS{WhidborneNathiagali00a,
  author = {Whidborne, J.F.},
  title = {Multi-Objective Robust Control System Design},
  booktitle = {Proc 25th Nathiagali Summer School on Physics and Contemporary Needs},
  year = {2000},
  address = {Nathiagali, Pakistan},
  month = jul,
}

@INPROCEEDINGS{WhidborneNathiagali00b,
  author = {Whidborne, J.F.},
  title = {Controller Fragility},
  booktitle = {Proc 25th Nathiagali Summer School on Physics and Contemporary Needs},
  year = {2000},
  address = {Nathiagali, Pakistan},
  month = jul,
}

@INCOLLECTION{WhidborneCSANF11,
  author = {Whidborne, J.F.},
  title = {A {MoI} Based on $\mathcal{H}^\infty $ Theory --- with a Case Study},
  booktitle = {Control Systems Design - A New Framework },
  publisher = {Springer-Verlag},
  year = {2005},
  editor = {Zakian, V.},
  chapter = {11},
  pages = {311--325},
  address = {London, UK},
}

@INCOLLECTION{WhidborneCSANF12,
  author = {Whidborne, J.F.},
  title = {Critical Control of the Suspension for a Maglev Transport System},
  booktitle = {Control Systems Design - A New Framework },
  publisher = {Springer-Verlag},
  year = {2005},
  editor = {Zakian, V.},
  chapter = {12},
  pages = {327--337},
  address = {London, UK},
}

@INCOLLECTION{WhidborneCSANF7,
  author = {Whidborne, J.F.},
  title = {A Simulated Annealing Inequalities Solver},
  booktitle = {Control Systems Design - A New Framework },
  publisher = {Springer-Verlag},
  year = {2005},
  editor = {Zakian, V.},
  chapter = {7},
  pages = {219--229},
  address = {London, UK},
}

@INPROCEEDINGS{WhidASCC97,
  author = {Whidborne, J.F. and Arunsawatwong, S.},
  title = {Design of a critical control system using simulated annealing and
	mixed optimization},
  booktitle = {2nd Asian Control Conf.},
  year = {1997},
  pages = {I288--I289},
  address = {Seoul, S. Korea},
  month = jul,
}

@TECHREPORT{WhidborneGuEM200107,
  author = {Whidborne, J.F. and Gu, D.-W.},
  title = {Optimal finite-precision controller and filter realizations using
	floating-point arithmetic},
  institution = kcl,
  year = {2001},
  number = {EM/2001/07},
  address = {London, U.K.},
}

@ARTICLE{WhidborneGu01,
  author = {Whidborne, J.F. and Gu, D.-W.},
  title = {Reduction of controller fragility for a fluid power system},
  journal = IMechE-C,
  year = {2002},
  note = {to be submitted},
  comment = {not submitted},
}

@INPROCEEDINGS{WhidborneGuIFAC02,
  author = {Whidborne, J.F. and Gu, D.-W.},
  title = {Optimal finite-precision controller and filter implementations using
	floating-point arithmetic},
  booktitle = ifac02,
  year = {2002},
  address = {Barcelona},
  month = jul,
  note = {CD-ROM Paper 990},
}

@TECHREPORT{WhidCompare,
  author = {Whidborne, J.F. and Gu, D.-W. and Postlethwaite, I.},
  title = {Algorithms for Solving the Method of Inequalities -- A Comparative
	Study},
  institution = lued,
  year = {1994},
  number = {94-17},
  address = {Leicester, U.K.},
}

@TECHREPORT{WhidGuPostLUED9426,
  author = {Whidborne, J.F. and Gu, D.-W. and Postlethwaite, I.},
  title = {{MODCONS} -- a {MATLAB} Toolbox for Multi-Objective Control System
	Design},
  institution = lued,
  year = {1994},
  number = {94-26},
  address = {Leicester, U.K.},
}

@INPROCEEDINGS{WhidMODCONSMUG,
  author = {Whidborne, J.F. and Gu, D.-W. and Postlethwaite, I.},
  title = {{MODCONS} -- a {MATLAB} Toolbox for Multi-Objective Control System
	Design},
  booktitle = {Abstract - MATLAB User Group Conference},
  year = {1994},
  address = {Milton Keynes},
  month = oct,
}

@INPROCEEDINGS{WhidCompareACC,
  author = {Whidborne, J.F. and Gu, D.-W. and Postlethwaite, I.},
  title = {Algorithms for the Method of Inequalities -- A Comparative Study},
  booktitle = acc95,
  year = {1995},
  pages = {3393--3397},
  address = {Seattle, WA},
  month = jun,
}

@INPROCEEDINGS{WhidMODCONSIEE,
  author = {Whidborne, J.F. and Gu, D.-W. and Postlethwaite, I.},
  title = {{MODCONS} -- a {MATLAB} Toolbox for Multi-Objective Control System
	Design},
  booktitle = {IEE Colloquium on Applied Control Techniques using MATLAB},
  year = {1995},
  number = {1995/014},
  pages = {9/1-9/4},
  address = {London, England},
  month = jan,
}

@INPROCEEDINGS{WhidSAIEEcoll,
  author = {Whidborne, J.F. and Gu, D.-W. and Postlethwaite, I.},
  title = {Multi-Objective Control System Design using Simulated Annealing and
	Mixed Optimisation},
  booktitle = {IEE Colloquium on Advances in Computer-Aided Control System Design},
  year = {1995},
  number = {1996/061},
  pages = {poster},
  address = {Sheffield, England},
  month = mar,
}

@TECHREPORT{WhidSAReport,
  author = {Whidborne, J.F. and Gu, D.-W. and Postlethwaite, I.},
  title = {Simulated Annealing for Multi-Objective Control System Design},
  institution = lued,
  year = {1995},
  number = {95-36},
  address = {Leicester, U.K.},
}

@ARTICLE{WhidborneGuPostIEECST96,
  author = {Whidborne, J.F. and Gu, D.-W. and Postlethwaite, I.},
  title = {Simulated Annealing for Multi-Objective Control System Design},
  journal = ieeCTA,
  year = {1996},
  volume = {144},
  pages = {582--588},
  number = {6},
}

@INPROCEEDINGS{WhidSACONT96,
  author = {Whidborne, J.F. and Gu, D.-W. and Postlethwaite, I.},
  title = {Simulated Annealing for Multi-Objective Control System Design},
  booktitle = control96,
  year = {1996},
  pages = {376-381},
  address = {Exeter, England},
  month = sep,
}

@ARTICLE{WhidborneGuWuChenIJSS2005,
  author = {Whidborne, J.F. and Gu, D.-W. and Wu, J. and Chen, S.},
  title = {Optimal controller and filter realisations using finite-precision,
	floating-point arithmetic},
  journal = ijss,
  year = {2005},
  volume = {36},
  pages = {405ñ-413},
  number = {7},
}

@TECHREPORT{WhidborneEM200110,
  author = {Whidborne, J.F. and Ishihara, T. and Inooka, H. and Ono, T. and Satoh,
	T.},
  title = {Some Practical Matching Conditions for Robust Control System Design},
  institution = kcl,
  year = {2001},
  number = {EM/2001/10},
  address = {London, U.K.},
}

@INPROCEEDINGS{WhidborneIFAC99,
  author = {Whidborne, J.F. and Istepanian, R.S.H.},
  title = {Optimal Finite-Precision {PID} Controller Structures Using Genetic
	Algorithms},
  booktitle = ifac99,
  year = {1999},
  volume = {F},
  pages = {181--186},
  address = {Beijing},
}

@INCOLLECTION{WhidborneDCIF,
  author = {Whidborne, J.F. and Istepanian, R.S.H.},
  title = {An Evolutionary Algorithm Approach to the Design of Finite Word-length
	Controller Structures},
  booktitle = {Digital Controller Implementation and Fragility: A Modern Perspective},
  publisher = {Springer-Verlag},
  year = {2001},
  editor = {Istepanian, R.S.H. and Whidborne, J.F.},
  chapter = {9},
  pages = {153--160},
  address = {London, UK},
}

@ARTICLE{WhidborneIstepanianIEECTA01,
  author = {Whidborne, J.F. and Istepanian, R.H.},
  title = {A Genetic Algorithm Approach to Designing Finite-Precision Controller
	Structures},
  journal = ieeCTA,
  year = {2001},
  volume = {148},
  pages = {377--382},
  number = {5},
}

@INPROCEEDINGS{WhidborneIstepanianCONT98,
  author = {Whidborne, J.F. and Istepanian, R.H. and Njabeleke, I. and Wu, J.},
  title = {Optimal digital controller structure for a fluid power system subject
	to wordlength constraints},
  booktitle = control98,
  year = {1998},
  pages = {146--151},
  address = {Swansea, UK},
}

@TECHREPORT{WhidEM9803,
  author = {Whidborne, J.F. and Istepanian, R.H. and Wu, J.},
  title = {Reduction of Controller Fragility by Pole Sensitivity Minimization},
  institution = kcl,
  year = {1998},
  number = {EM/98/03},
  address = {London, U.K.},
}

@TECHREPORT{WhidFWLReport1,
  author = {Whidborne, J.F. and Istepanian, R.H. and Wu, J.},
  title = {Finite Word Length Stability Issues in an {$\ell_1$} Framework},
  institution = kcl,
  year = {1998},
  number = {EM/98/01},
  address = {London, U.K.},
}

@ARTICLE{WhidTAC01,
  author = {Whidborne, J.F. and Istepanian, R.S.H. and Wu, J.},
  title = {Reduction of Controller Fragility by Pole Sensitivity Minimization},
  journal = IEEEAC,
  year = {2001},
  volume = {46},
  pages = {320--325},
  number = {2},
}

@BOOK{WhidborneLiu,
  title = {Critical Control Systems: Theory, Design and Applications},
  publisher = {Research Studies Press},
  year = {1993},
  author = {Whidborne, J.F. and Liu, G.P.},
  address = {Taunton, U.K.},
  isbn = {0 86380 153 6},
}

@ARTICLE{WhidborneMcKernanTAC2006,
  author = {Whidborne, J.F. and McKernan, J.},
  title = {On minimizing maximum transient energy growth},
  journal = tac,
  year = {2006},
  note = {In review},
}

@INPROCEEDINGS{WhidborneMckernanGuICARCV04,
  author = {Whidborne, J.F. and McKernan, J. and Gu, D.-W.},
  title = {Kolmogorov-{C}haitin Complexity of Linear Digital Controllers Implemented
	using Fixed-point Arithmetic},
  booktitle = {8th Int. Conf. Control, Automation, Robotics and Vision (ICARCV 2004)},
  year = {2004},
  pages = {1587--1592},
  address = {Kunming, China},
  month = dec,
}

@ARTICLE{WhidborneMckernanGuIJAC2006,
  author = {Whidborne, J.F. and McKernan, J. and Gu, D.-W.},
  title = {Kolmogorov-{C}haitin Complexity of Digital Controller Implementations},
  journal = ijac,
  year = {2006},
  note = {To be published},
}

@INPROCEEDINGS{WhidborneMckernanPapadakisCONT2004,
  author = {Whidborne, J.F. and McKernan, J. and Papadakis, G.},
  title = {Minimization of maximum transient energy growth},
  booktitle = control2004,
  year = {2004},
  pages = {CD-ROM paper 065},
  address = {Bath, U.K.},
  month = sep,
}

@INPROCEEDINGS{WhidborneMckernanPapadakisCONT2006,
  author = {Whidborne, J.F. and McKernan, J. and Papadakis, G.},
  title = {Minimal transient energy growth for plane Poiseuille flow},
  booktitle = control2006,
  year = {2004},
  address = {Bath, U.K.},
  month = sep,
  note = {To be presented}
}

@TECHREPORT{WhidborneMcKernanSteerCoA0501,
  author = {Whidborne, J.F. and McKernan, J. and Steer, A.J.},
  title = {On minimizing maximum transient energy growth},
  institution = {Cranfield University},
  year = {2005},
  type = {CoA Report},
  number = {0501},
  address = {Cranfield, UK},
  month = jun,
}

@INPROCEEDINGS{WhidborneMckernanSteerIFAC2005,
  author = {Whidborne, J.F. and McKernan, J. and Steer, A.J.},
  title = {Minimization of maximum transient energy growth by output feedback},
  booktitle = ifac2005,
  year = {2005},
  address = {Prague},
  month = jul,
}

@TECHREPORT{WhidborneBench,
  author = {Whidborne, J.F. and Murad, G. and Gu, D.-W. and Postlethwaite, I.},
  title = {Robust Control of an Unknown Plant -- The {IFAC} 93 Benchmark},
  institution = lued,
  year = {1993},
  number = {93-53},
  address = {Leicester, U.K.},
}

@INPROCEEDINGS{WhidborneRobColl,
  author = {Whidborne, J.F. and Murad, G. and Gu, D.-W. and Postlethwaite, I.},
  title = {Multi-objective robust controller design using a mixed optimisation
	approach},
  booktitle = {IEE Colloquium on Advances in the Application of Robust Controllers},
  year = {1993},
  number = {1993/220},
  pages = {1/1-1/3},
  address = {London, England},
  month = nov,
}

@ARTICLE{WhidborneMuradGuPostlethwaiteIJC95,
  author = {Whidborne, J.F. and Murad, G. and Gu, D.-W. and Postlethwaite, I.},
  title = {Robust Control of an Unknown Plant -- The {IFAC} 93 Benchmark},
  journal = ijc,
  year = {1995},
  volume = {61},
  pages = {589--640},
  number = {3},
}

@INPROCEEDINGS{WhidborneEDC2002,
  author = {Whidborne, J.F. and Pangalos, P. and Zweiri, Y.H. and King, S.J.},
  title = {A graphical user interface for computer-aided robust control system
	design},
  booktitle = edc2002,
  year = {2002},
  pages = {383--392},
  address = {London},
  month = jul,
}

@TECHREPORT{WhidDist,
  author = {Whidborne, J.F. and Postlethwaite, I. and Gu, D.-W.},
  title = {Robust Controller Design Using ${H}_\infty$ Loop-Shaping and the
	Method of Inequalities},
  institution = lued,
  year = {1992},
  number = {92-33},
  address = {Leicester, U.K.},
}

@INPROCEEDINGS{WhidDistCDC,
  author = {Whidborne, J.F. and Postlethwaite, I. and Gu, D.-W.},
  title = {Robust Controller Design Using ${H}_\infty$ Loop-Shaping and the
	Method of Inequalities},
  booktitle = cdc32,
  year = {1993},
  pages = {2163-2168},
  address = {San Antonio, Texas},
  month = dec,
}

@ARTICLE{WhidDistCST,
  author = {Whidborne, J.F. and Postlethwaite, I. and Gu, D.-W.},
  title = {Robust Controller Design Using ${H}_\infty$ Loop-Shaping and the
	Method of Inequalities},
  journal = ieeecst,
  year = {1994},
  volume = {2},
  pages = {455--461},
  number = {4},
}

@INPROCEEDINGS{WhidPaperCS94,
  author = {Whidborne, J.F. and Postlethwaite, I. and Gu, D.-W.},
  title = {Robust control of a paper machine},
  booktitle = {Proc. Control Systems 94},
  year = {1994},
  pages = {235-241},
  address = {Stockholm, Sweden},
}

@INCOLLECTION{WhidMODCONSWSSIAA,
  author = {Whidborne, J.F. and Postlethwaite, I. and Gu, D.-W.},
  title = {Multiobjective control system design -- a mixed optimization approach},
  booktitle = {Recent Trends in Optimization Theory and Applications},
  publisher = {World Scientific},
  year = {1995},
  editor = {Agarwal, R.P.},
  volume = {5},
  series = {World Scientific Series in Applicable Analysis},
  pages = {467-482},
  address = {Singapore},
  isbn = {981022382X},
}

@ARTICLE{WhidPaperCEP,
  author = {Whidborne, J.F. and Postlethwaite, I. and Gu, D.-W.},
  title = {Robust control of a paper machine},
  journal = cep,
  year = {1995},
  volume = {3},
  pages = {1475--1478},
  number = {10},
}

@INPROCEEDINGS{WhidMODCONS_CACSD,
  author = {Whidborne, J.F. and Postlethwaite, I. and Gu, D.-W.},
  title = {A mixed optimization approach to multi-objective computer-aided control
	system design},
  booktitle = cacsd96,
  year = {1996},
  pages = {309-314},
  address = {Dearborn, Michigan},
  month = sep,
}

@TECHREPORT{WhidPaper,
  author = {Whidborne, J.F. and Postlethwaite, I. and Gu, D.-W. and Murad, G.},
  title = {Robust Control of a Paper Machine - A Benchmark Problem},
  institution = lued,
  year = {1994},
  number = {94-10},
  address = {Leicester, U.K.},
}

@ARTICLE{WhidIJC00,
  author = {Whidborne, J.F. and Wu, J. and Istepanian, R.H.},
  title = {Finite Word Length Stability Issues in an {$\ell_1$} Framework},
  journal = IJC,
  year = {2000},
  volume = {73},
  pages = {166--176},
  number = {2},
}

@ARTICLE{WhidTAC00,
  author = {Whidborne, J.F. and Wu, J. and Istepanian, R.H. and Chu, J.},
  title = {Comments on ``{O}n the Structure of Digital Controllers with Finite
	Word Length Consideration''},
  journal = IEEEAC,
  year = {2000},
  volume = {45},
  pages = {344},
  number = {2},
}

@INPROCEEDINGS{WhidborneYangCACSD02,
  author = {Whidborne, J.F. and Yang, J.-B.},
  title = {Multiobjective design of low complexity digital controllers},
  booktitle = cacsd02,
  year = {2002},
  pages = {27--32},
  address = {Glasgow, U.K.},
  month = sep,
}

@INPROCEEDINGS{WhidborneAsCC00,
  author = {Whidborne, J.F. and Zakian, V. and Ishihara, T. and Inooka, H.},
  title = {Practical Matching Conditions For Robust Control Design},
  booktitle = ascc00,
  year = {2000},
  pages = {1463-1468},
  address = {Shanghai, China},
  month = jul,
}

@INPROCEEDINGS{JunWuACC00,
  author = {Wu, J. and Chen, S. and Li, G. and Istepanian, R.H. and Chu, J. and
	Whidborne, J.F.},
  title = {Stability issues of finite precision state estimate feedback controller
	realizations for discrete time systems},
  booktitle = acc00,
  year = {2000},
  pages = {4189--4193},
  address = {Chicago},
  month = jun,
}

@INPROCEEDINGS{JunWuCDC02,
  author = {Wu, J. and Chen, S. and Whidborne, J.F. and Chu, J.},
  title = {Optimal floating-point realizations of finite-precision digital controllers},
  booktitle = cdc2002,
  year = {2002},
  pages = {2570--2575},
  address = {Las Vegas, Nevada},
  month = dec,
}

@ARTICLE{JunWuTAC03,
  author = {Wu, J. and Chen, S. and Whidborne, J.F. and Chu, J.},
  title = {A Unified Closed-Loop Stability Measure for Finite-Precision Digital
	Controller Realizations Implemented in Different Realization Schemes},
  journal = TAC,
  year = {2003},
  volume = {48},
  pages = {816--822},
  number = {5},
}

@ARTICLE{JunWuIJC2004,
  author = {Wu, J. and Chen, S. and Whidborne, J.F. and Chu, J.},
  title = {Optimal realizations of floating-point implemented digital controllers
	with finite word length considerations},
  journal = ijc,
  year = {2004},
  volume = {77},
  pages = {427--440},
  number = {5},
}

@INPROCEEDINGS{JunWuIFAC99,
  author = {Wu, J. and Istepanian, R.S.H. and Chu, J. and Whidborne, J.F. and
	Chen, S. and Hu, J.},
  title = {Stability issues of finite precision controller structures using
	the {Delta} operator for sampled data systems},
  booktitle = ifac99,
  year = {1999},
  volume = {Q},
  pages = {417--422},
  address = {Beijing},
  month = jul,
}

@INPROCEEDINGS{JunWuECC99,
  author = {Wu, J. and Istepanian, R.S.H. and Chu, J. and Whidborne, J.F. and
	Chen, S. and Luk, B.L.},
  title = {The optimal controller realization using the delta operator for sampled
	data systems with finite word length consideration},
  booktitle = ecc99,
  year = {1999},
  pages = {F933.1-F933.6},
  address = {Karlsruhe, Germany},
  month = aug,
}

@INPROCEEDINGS{ZweiriWhidborneAlthoeferSeneviratneICRA02,
  author = {Zweiri, Y.H. and Whidborne, J.F. and Althoefer, K.A. and Seneviratne,
	L.D.},
  title = {A new three-term backpropagation algorithm with convergence analysis},
  booktitle = {IEEE Int. Conf. Robotics and Automation},
  year = {2002},
  pages = {3882--3887},
  address = {Washington, D.C.},
  month = may,
}

@TECHREPORT{ZweiriWhidSeneEM9802,
  author = {Zweiri, Y.H. and Whidborne, J.F. and Seneviratne, L.D.},
  title = {Advanced transient dynamic simulation of a single-cylinder {D}iesel
	engine with dynamometer modelling and detailed friction components},
  institution = kcl,
  year = {1998},
  number = {EM/98/02},
  address = {London, U.K.},
}

@INPROCEEDINGS{ZweiriWhidSeneSIM98,
  author = {Zweiri, Y.H. and Whidborne, J.F. and Seneviratne, L.D.},
  title = {A mathematical transient model for the dynamics of a single cylinder
	{D}iesel engine},
  booktitle = {Simulation '98},
  year = {1998},
  pages = {145--151},
  address = {York, UK},
  month = sep,
}

@INPROCEEDINGS{ZweiriWhidSeneASME-ICE99,
  author = {Zweiri, Y.H. and Whidborne, J.F. and Seneviratne, L.D.},
  title = {Numerical inversion of the dynamic model of a single-cylinder {D}iesel
	engine},
  booktitle = {Proc. ASME-ICE Spring Engine Technology Conf.},
  year = {1999},
  volume = {3},
  pages = {139--149},
  address = {Columbus, IN.},
  month = apr,
}

@TECHREPORT{ZweiriWhidSeneEM9901,
  author = {Zweiri, Y.H. and Whidborne, J.F. and Seneviratne, L.D.},
  title = {Instantaneous friction components model for transient engine operation},
  institution = kcl,
  year = {1999},
  number = {EM/99/01},
  address = {London, U.K.},
}

@TECHREPORT{ZweiriWhidSeneEM9910,
  author = {Zweiri, Y.H. and Whidborne, J.F. and Seneviratne, L.D.},
  title = {Complete Analytical Model for a Single-Cylinder {D}iesel Engine for
	Non-Linear Control and Estimation.},
  institution = kcl,
  year = {1999},
  number = {EM/99/10},
  address = {London, U.K.},
}

@ARTICLE{ZweiriWhidSeneIMechE99,
  author = {Zweiri, Y.H. and Whidborne, J.F. and Seneviratne, L.D.},
  title = {Dynamic simulation of a single-cylinder {D}iesel engine including
	dynamometer modelling and friction},
  journal = {Proc. IMechE, Part D: J. Automobile Eng.},
  year = {1999},
  volume = {213},
  pages = {391--402},
}

@INPROCEEDINGS{ZweiriWhidborneSeneviratneAISAT00,
  author = {Zweiri, Y.H. and Whidborne, J.F. and Seneviratne, L.D.},
  title = {Three-term backpropagation algorithm},
  booktitle = {Int. Conf. Artificial Intelligence in Science and Technology (AISAT
	2000)},
  year = {2000},
  address = {Hobart, Australia},
  month = dec,
  note = {CD-ROM, 6 pages},
}

@INPROCEEDINGS{ZweiriWhidborneSeneviratneASME-ICE00,
  author = {Zweiri, Y.H. and Whidborne, J.F. and Seneviratne, L.D.},
  title = {Diesel Engine Indicated and Load Torque Estimation Using Sliding
	Mode Observer},
  booktitle = {Proc. ASME-ICE Fall Engine Technology Conf.},
  year = {2000},
  volume = {3},
  pages = {95--103},
  address = {Peoria, IL.},
  month = sep,
}

@INPROCEEDINGS{ZweiriWhidborneSeneviratneCI00,
  author = {Zweiri, Y.H. and Whidborne, J.F. and Seneviratne, L.D.},
  title = {Stability of a Three-Term Backpropagation Algorithm},
  booktitle = {Int. Symp. Computational Intelligence (CI'2000)},
  year = {2000},
  address = {Woolongong, Australia},
  month = dec,
  note = {CD-ROM paper 1514-040, 6 pages},
}

@INPROCEEDINGS{ZweiriWhidborneSeneviratneCONT00a,
  author = {Zweiri, Y.H. and Whidborne, J.F. and Seneviratne, L.D.},
  title = {Efficient modelling for instantaneous friction components of {D}iesel
	Engines},
  booktitle = control00,
  year = {2000},
  pages = {CD-ROM paper 194, 6 pages},
  address = {Cambridge, UK},
  month = sep,
}

@INPROCEEDINGS{ZweiriWhidborneSeneviratneCONT00b,
  author = {Zweiri, Y.H. and Whidborne, J.F. and Seneviratne, L.D.},
  title = {Diesel engine analytical model for non-linear control and estimation},
  booktitle = control00,
  year = {2000},
  pages = {CD-ROM paper 195, 6 pages},
  address = {Cambridge, UK},
  month = sep,
}

@INPROCEEDINGS{ZweiriWhidborneSeneviratneCONT00c,
  author = {Zweiri, Y.H. and Whidborne, J.F. and Seneviratne, L.D.},
  title = {Optimisation of a three-term backpropagation algorithm},
  booktitle = control00,
  year = {2000},
  pages = {CD-ROM paper 196, 6 pages},
  address = {Cambridge, UK},
  month = sep,
}

@ARTICLE{ZweiriWhidSeneCNME,
  author = {Zweiri, Y.H. and Whidborne, J.F. and Seneviratne, L.D.},
  title = {Numerical inversion of the dynamic model of a single-cylinder {D}iesel
	engine},
  journal = {Commun. Numer. Meth. Engng},
  year = {2000},
  volume = {15},
  pages = {505--517},
}

@TECHREPORT{ZweiriWhidSeneEM2000-01,
  author = {Zweiri, Y.H. and Whidborne, J.F. and Seneviratne, L.D.},
  title = {Optimization and Stability of a Three-Term Backpropagation Algorithm.},
  institution = kcl,
  year = {2000},
  number = {EM/2000/01},
  address = {London, U.K.},
}

@ARTICLE{ZweiriWhidSeneIMechE00,
  author = {Zweiri, Y.H. and Whidborne, J.F. and Seneviratne, L.D.},
  title = {Instantaneous friction components model for transient engine operation},
  journal = {Proc. IMechE, Part D: J. Automobile Eng.},
  year = {2000},
  volume = {214},
  pages = {809-824},
  number = {7},
}

@ARTICLE{ZweiriWhidborneSeneviratneIMECHE-D,
  author = {Zweiri, Y.H. and Whidborne, J.F. and Seneviratne, L.D.},
  title = {Detailed analytical model of a single-cylinder {D}iesel engine in
	the crank-angle domain},
  journal = {Proc. IMechE, Part D: J. Automobile Eng.},
  year = {2001},
  volume = {215},
  pages = {1197--1216},
  number = {11},
}

@ARTICLE{ZweiriWhidborneSeneviratneNN,
  author = {Zweiri, Y.H. and Whidborne, J.F. and Seneviratne, L.D.},
  title = {Stability analysis of a three-term backpropagation algorithm},
  journal = {Neural Networks},
  year = {2001},
  note = {Submitted},
}

@ARTICLE{ZweiriWhidborneSeneviratneNC2003,
  author = {Zweiri, Y.H. and Whidborne, J.F. and Seneviratne, L.D.},
  title = {A three-term backpropagation algorithm},
  journal = {Neurocomputing},
  year = {2003},
  volume = {50},
  pages = {305--318},
}

@INPROCEEDINGS{ZweiriEDC2002,
  author = {Zweiri, Y.H. and Whidborne, J.F. and Seneviratne, L.D. and Althoefer,
	K.A.},
  title = {Dynamic modelling of Diesel engines for design applications},
  booktitle = edc2002,
  year = {2002},
  pages = {701--709},
  address = {London},
  month = jul,
}

@ARTICLE{ZweiriWhidborneSeneviratneAlthoeferMCMDS02,
  author = {Zweiri, Y.H. and Whidborne, J.F. and Seneviratne, L.D. and Althoefer,
	K.A.},
  title = {A Comparison of Dynamic Models of Various Complexity for Diesel Engines},
  journal = {Math. \& Comp. Modelling of Dyn. Syst.},
  year = {2002},
  volume = {8},
  pages = {273--289},
  number = {3},
}

@BOOK{IstepanianWhidborneBook,
  title = {Digital Controller Implementation and Fragility: A Modern Perspective},
  publisher = {Springer-Verlag},
  year = {2001},
  editor = {Istepanian, R.S.H. and Whidborne, J.F.},
  address = {London, UK},
  month = sep,
  booktitle = {Digital Controller Implementation and Fragility: A Modern Perspective},
  isbn = {1852333901},
}

